<?xml version="1.0" encoding="UTF-8"?><collection xmlns="http://www.loc.gov/MARC21/slim"><record><leader>00420nam--2200133-i-4500</leader><controlfield tag="001">000010418</controlfield><controlfield tag="002">20161230</controlfield><controlfield tag="005">20161230201028</controlfield><controlfield tag="008">060222s1000------------r-----000-0-eng-d</controlfield><datafield ind1=" " ind2=" " tag="245"><subfield code="a">Dynamic clinic studies with radioisotopes. proceedings of a symposium</subfield></datafield><datafield ind1=" " ind2=" " tag="260"><subfield code="a">Oak Ridge, Usaec, 1964</subfield></datafield><datafield ind1=" " ind2=" " tag="490"><subfield code="a">Aec Symposium Series</subfield></datafield><datafield ind1=" " ind2=" " tag="700"><subfield code="a">Kniseley, Ralph M., Newlon Tauxe, W.With Anderson, Elizabeth B</subfield></datafield><datafield ind1=" " ind2=" " tag="852"><subfield code="a">621.039.83:61</subfield></datafield></record></collection>